<record><leader>00000cas a22000007a 4500</leader><controlfield tag="001">15232909</controlfield><controlfield tag="008">870224d18441844mouwr ne      0    0eng d</controlfield><datafield ind1=" " ind2=" " tag="010"><subfield code="a">sn 87052219 </subfield></datafield><datafield ind1=" " ind2=" " tag="040"><subfield code="a">NPX</subfield><subfield code="b">eng</subfield><subfield code="c">NPX</subfield><subfield code="d">MQN</subfield><subfield code="d">OCLCG</subfield><subfield code="d">OCLCQ</subfield><subfield code="d">OCLCF</subfield></datafield><datafield ind1="1" ind2=" " tag="029"><subfield code="a">AU@</subfield><subfield code="b">000025824741</subfield></datafield><datafield ind1=" " ind2=" " tag="042"><subfield code="a">msc</subfield></datafield><datafield ind1="0" ind2="4" tag="245"><subfield code="a">The Slasher.</subfield></datafield><datafield ind1=" " ind2=" " tag="260"><subfield code="a">St. Louis [Mo. :</subfield><subfield code="b">s.n.]</subfield></datafield><datafield ind1=" " ind2=" " tag="300"><subfield code="a">v.</subfield></datafield><datafield ind1=" " ind2=" " tag="310"><subfield code="a">Weekly</subfield></datafield><datafield ind1="1" ind2=" " tag="362"><subfield code="a">Began and ceased in 1844?</subfield></datafield><datafield ind1=" " ind2=" " tag="500"><subfield code="a">Democratic campaign paper.</subfield></datafield><datafield ind1=" " ind2=" " tag="500"><subfield code="a">Daily ed. also published?</subfield></datafield><datafield ind1=" " ind2=" " tag="588"><subfield code="a">Description based on: No. 4 (Apr. 27, 1844).</subfield></datafield><datafield ind1="1" ind2="0" tag="600"><subfield code="a">Polk, James K.</subfield><subfield code="q">(James Knox),</subfield><subfield code="d">1795-1849.</subfield></datafield><datafield ind1="1" ind2="7" tag="600"><subfield code="a">Polk, James K.</subfield><subfield code="q">(James Knox),</subfield><subfield code="d">1795-1849.</subfield><subfield code="2">fast</subfield><subfield code="0">(OCoLC)fst00063709</subfield></datafield><datafield ind1=" " ind2=" " tag="752"><subfield code="a">United States</subfield><subfield code="b">Missouri</subfield><subfield code="d">Saint Louis.</subfield></datafield></record>